@book{da1999codex,
  title={Codex Leicester},
  author={Da Vinci, L.},
  year={1999},
  publisher={Schirmer/Mosel}
}

@book{laplace1805traite,
  title={Trait{\'e} de m{\'e}canique c{\'e}leste/par PS Laplace...; tome premier [-quatrieme]},
  author={Laplace, P.S.},
  year={1805},
  publisher={de l'Imprimerie de Crapelet}
}

@article{young1805essay,
  title={An essay on the cohesion of fluids},
  author={Young, T.},
  journal={Philosophical Transactions of the Royal Society of London},
  year={1805},
  publisher={JSTOR}
}

@article{savart1833memoire,
  title={M{\'e}moire sur la constitution des veines liquides lanc{\'e}es par des orifices circulaires en mince paroi},
  author={Savart, F.},
  journal={Ann. Chim. Phys},
  year={1833}
}

@article{strutt1878instability,
  title={On the instability of jets},
  author={Strutt, J.W. and Rayleigh, Lord},
  journal={Proc. London Math. Soc},
  year={1878}
}

@book{plateau1873statique,
  title={Statique exp{\'e}rimentale et th{\'e}orique des liquides soumis aux seules forces mol{\'e}culaires},
  author={Plateau, J.},
  year={1873},
  publisher={Gauthier-Villars}
}

@book{middleman1995modeling,
  title={Modeling axisymmetric flows: dynamics of films, jets, and drops},
  author={Middleman, S.},
  year={1995},
  publisher={Academic Press}
}

@article{goldin1969breakup,
  title={Breakup of a laminar capillary jet of a viscoelastic fluid},
  author={Goldin, M. and Yerushalmi, J. and Pfeffer, R. and Shinnar, R.},
  journal={Journal of Fluid Mechanics},
  year={1969},
  publisher={Cambridge University Press}
}

@inproceedings{oldroyd1950formulation,
  title={On the formulation of rheological equations of state},
  author={Oldroyd, J.G.},
  booktitle={Proceedings of the Royal Society of London A: Mathematical, Physical and Engineering Sciences},
  year={1950},
  organization={The Royal Society}
}

@article{day1998self,
  title={Self-similar capillary pinchoff of an inviscid fluid},
  author={Day, R.F. and Hinch, E.J. and Lister, J.R.},
  journal={Physical review letters},
  year={1998},
  publisher={APS}
}

@article{eggers2005drop,
  title={Drop formation--an overview},
  author={Eggers, J.},
  journal={ZAMM-Journal of Applied Mathematics and Mechanics/Zeitschrift f{\"u}r Angewandte Mathematik und Mechanik},
  year={2005},
  publisher={Wiley Online Library}
}

@article{papageorgiou1995breakup,
  title={On the breakup of viscous liquid threads},
  author={Papageorgiou, D.T.},
  journal={Physics of Fluids (1994-present)},
  year={1995},
  publisher={AIP Publishing}
}

@article{campo2010slow,
  title={The slow retraction method (SRM) for the determination of ultra-short relaxation times in capillary breakup extensional rheometry experiments},
  author={Campo-Deano, L. and Clasen, C.},
  journal={Journal of Non-Newtonian Fluid Mechanics},
  year={2010},
  publisher={Elsevier}
}

@article{eggers2008physics,
  title={Physics of liquid jets},
  author={Eggers, J. and Villermaux, E.},
  journal={Reports on progress in physics},
  year={2008},
  publisher={IOP Publishing}
}

@article{ambravaneswaran2002drop,
  title={Drop formation from a capillary tube: Comparison of one-dimensional and two-dimensional analyses and occurrence of satellite drops},
  author={Ambravaneswaran, B. and Wilkes, E.D. and Basaran, Osman A.},
  journal={Physics of Fluids},
  year={2002},
  publisher={AIP Publishing}
}

@misc{press1992numerical,
  title={Numerical recipes in FORTRAN (Cambridge)},
  author={Press, W.H. and Teukolsky, S.A. and Vetterling, W.T. and Flannery, B.P.},
  year={1992},
  publisher={Cambridge University Press}
}

@article{middleman1965stability,
  title={Stability of a viscoelastic jet},
  author={Middleman, S.},
  journal={Chemical Engineering Science},
  year={1965},
  publisher={Elsevier}
}

@article{fred1906coefficient,
  title={On the coefficient of viscous traction and its relation to that of viscosity},
  author={Trouton, F.T.},
  journal={Proceedings of the Royal Society of London. Series A, Containing Papers of a Mathematical and Physical Character},
  year={1906},
  publisher={JSTOR}
}

@article{petrie2006extensional,
  title={Extensional viscosity: A critical discussion},
  author={Petrie, C.J.S},
  journal={Journal of non-newtonian fluid mechanics},
  year={2006},
  publisher={Elsevier}
}

@inproceedings{bazilevsky1990liquid,
  title={Liquid filament microrheometer and some of its applications},
  author={Bazilevsky, A.V. and Entov, V.M. and Rozhkov, A.N.},
  booktitle={Third European Rheology Conference and Golden Jubilee Meeting of the British Society of Rheology},
  year={1990},
  organization={Springer}
}

@article{rodd2004capillary,
  title={Capillary break-up rheometry of low-viscosity elastic fluids},
  author={Rodd, L.E. and Scott, T.P. and Cooper-White, J.J. and McKinley, G.H.},
  year={2004}
}

@article{keshavarz2015studying,
  title={Studying the effects of elongational properties on atomization of weakly viscoelastic solutions using Rayleigh Ohnesorge Jetting Extensional Rheometry (ROJER)},
  author={Keshavarz, B. and Sharma, V. and Houze, E.C. and Koerner, M.R. and Moore, J.R. and Cotts, P.M. and Threlfall-Holmes, P. and McKinley, G.H.},
  journal={Journal of Non-Newtonian Fluid Mechanics},
  year={2015},
  publisher={Elsevier}
}

@article{mckinley2000extract,
  title={How to extract the Newtonian viscosity from capillary breakup measurements in a filament rheometer},
  author={McKinley, G.H. and Tripathi, A.},
  journal={Journal of Rheology},
  year={2000},
  publisher={The Society of Rheology}
}

@article{anna2001elasto,
  title={Elasto-capillary thinning and breakup of model elastic liquids},
  author={Anna, S.L. and McKinley, G.H.},
  journal={Journal of Rheology},
  year={2001},
  publisher={The Society of Rheology}
}

@article{clasen2012dispensing,
  title={Dispensing of rheologically complex fluids: the map of misery},
  author={Clasen, C. and Phillips, P.M. and Palangetic, L.},
  journal={AIChE Journal},
  year={2012},
  publisher={Wiley Online Library}
}

@article{harmon1955drop,
  title={Drop sizes from low speed jets},
  author={Harmon, D.B.},
  journal={Journal of the Franklin Institute},
  year={1955},
  publisher={Elsevier}
}

@article{goren1966shape,
  title={The shape of low-speed capillary jets of Newtonian liquids},
  author={Goren, S.L. and Wronski, S.},
  journal={Journal of Fluid Mechanics},
  year={1966},
  publisher={Cambridge University Press}
}

@article{graessley1980polymer,
  title={Polymer chain dimensions and the dependence of viscoelastic properties on concentration, molecular weight and solvent power},
  author={Graessley, W.W.},
  journal={Polymer},
  volume={21},
  number={3},
  pages={258--262},
  year={1980},
  publisher={Elsevier}
}

@article{tirtaatmadja2006drop,
  title={Drop formation and breakup of low viscosity elastic fluids: Effects of molecular weight and concentration},
  author={Tirtaatmadja, V. and McKinley, G.H. and Cooper-White, J.J.},
  journal={Physics of Fluids (1994-present)},
  volume={18},
  number={4},
  pages={043101},
  year={2006},
  publisher={AIP Publishing}
}

@article{mckinley2005visco,
  title={Visco-elasto-capillary thinning and break-up of complex fluids},
  author={McKinley, G.H.},
  year={2005}
}

@article{entov1997effect,
  title={Effect of a spectrum of relaxation times on the capillary thinning of a filament of elastic liquid},
  author={Entov, V.M. and Hinch, E.J.},
  journal={Journal of Non-Newtonian Fluid Mechanics},
  volume={72},
  number={1},
  pages={31--53},
  year={1997},
  publisher={Elsevier}
}

@article{sharma2015rheology,
  title={The rheology of aqueous solutions of ethyl hydroxy-ethyl cellulose (EHEC) and its hydrophobically modified analogue (hmEHEC): extensional flow response in capillary break-up, jetting (ROJER) and in a cross-slot extensional rheometer},
  author={Sharma et al., V.},
  journal={Soft matter},
  volume={11},
  number={16},
  pages={3251--3270},
  year={2015},
  publisher={Royal Society of Chemistry}
}

@MastersThesis{hall2015report,
author = {Hall, J.},
title = {Capillary Driven Jet Break Up},
school = {University of Leeds},
year = {2015},
}

@MastersThesis{greiciunas2015report,
author = {Greiciunas, E.},
title = {Capillary Driven Jet Break Up},
school = {University of Leeds},
year = {2015},
}

@MastersThesis{gorbatenko2015report,
author = {Gorbatenko, I.},
title = {Capillary Driven Jet Break Up},
school = {University of Leeds},
year = {2015},
}

@article{ardekani2010dynamics,
  title={Dynamics of bead formation, filament thinning and breakup in weakly viscoelastic jets},
  author={Ardekani, A.M. and Sharma, V. and McKinley, G.H.},
  journal={Journal of Fluid Mechanics},
  volume={665},
  pages={46--56},
  year={2010},
  publisher={Cambridge Univ Press}
}

@article{middleman1961expansion,
  title={Expansion and contraction of capillary jets of Newtonian liquids},
  author={Middleman, S. and Gavis, J.},
  journal={Physics of Fluids (1958-1988)},
  volume={4},
  number={3},
  pages={355--359},
  year={1961},
  publisher={AIP Publishing}
}

@article{clasen2006dilute,
  title={How dilute are dilute solutions in extensional flows?},
  author={Clasen et al., C.},
  journal={Journal of Rheology (1978-present)},
  volume={50},
  number={6},
  pages={849--881},
  year={2006},
  publisher={The Society of Rheology}
}